@inproceedings{mikolov2013distributed,
  title={Distributed representations of words and phrases and their compositionality},
  author={Mikolov, Tomas and Sutskever, Ilya and Chen, Kai and Corrado, Greg S and Dean, Jeff},
  booktitle={Advances in neural information processing systems},
  pages={3111--3119},
  year={2013}
},

@article{pang2008opinion,
  title={Opinion mining and sentiment analysis},
  author={Pang, Bo and Lee, Lillian and others},
  journal={Foundations and Trends{\textregistered} in Information Retrieval},
  volume={2},
  number={1--2},
  pages={1--135},
  year={2008},
  publisher={Now Publishers, Inc.}
},

@article{he2008learning,
  title={Learning from imbalanced data},
  author={He, Haibo and Garcia, Edwardo A},
  journal={IEEE Transactions on Knowledge \& Data Engineering},
  number={9},
  pages={1263--1284},
  year={2008},
  publisher={Ieee}
},

@inproceedings{bolukbasi2016man,
  title={Man is to computer programmer as woman is to homemaker? debiasing word embeddings},
  author={Bolukbasi, Tolga and Chang, Kai-Wei and Zou, James Y and Saligrama, Venkatesh and Kalai, Adam T},
  booktitle={Advances in neural information processing systems},
  pages={4349--4357},
  year={2016}
},

@inproceedings{hu2004mining,
  title={Mining opinion features in customer reviews},
  author={Hu, Minqing and Liu, Bing},
  booktitle={AAAI},
  volume={4},
  number={4},
  pages={755--760},
  year={2004}
},

@inproceedings{baccianella2010sentiwordnet,
  title={Sentiwordnet 3.0: an enhanced lexical resource for sentiment analysis and opinion mining.},
  author={Baccianella, Stefano and Esuli, Andrea and Sebastiani, Fabrizio},
  booktitle={Lrec},
  volume={10},
  number={2010},
  pages={2200--2204},
  year={2010}
},

@inproceedings{hamilton2016inducing,
  title={Inducing domain-specific sentiment lexicons from unlabeled corpora},
  author={Hamilton, William L and Clark, Kevin and Leskovec, Jure and Jurafsky, Dan},
  booktitle={Proceedings of the Conference on Empirical Methods in Natural Language Processing. Conference on Empirical Methods in Natural Language Processing},
  volume={2016},
  pages={595},
  year={2016},
  organization={NIH Public Access}
},

@article{mikolov2013efficient,
  title={Efficient estimation of word representations in vector space},
  author={Mikolov, Tomas and Chen, Kai and Corrado, Greg and Dean, Jeffrey},
  journal={arXiv preprint arXiv:1301.3781},
  year={2013}
},
